<?xml version="1.0" encoding="UTF-8"?><collection xmlns="http://www.loc.gov/MARC21/slim"><record><leader>00634nam--2200181-i-4500</leader><controlfield tag="001">000028673</controlfield><controlfield tag="002">20161230</controlfield><controlfield tag="005">20161230201037</controlfield><controlfield tag="008">060222s1000------------r-----000-0-eng-d</controlfield><datafield ind1=" " ind2=" " tag="040"><subfield code="a">IFIN-HH</subfield></datafield><datafield ind1=" " ind2=" " tag="080"><subfield code="a">539.14</subfield></datafield><datafield ind1="1" ind2=" " tag="100"><subfield code="a">DeWitt, Cecile M</subfield></datafield><datafield ind1="1" ind2="0" tag="245"><subfield code="a">Les houches, ecole d`ete de physique theorique. session: viii 1958: the many body problem. (le probleme a n corps)tome 1</subfield><subfield code="b">Universite de grenoble. cours donnes a l`ecole d`ete de physique theorique les houches</subfield><subfield code="c">Cecile dewitt (directeur)</subfield></datafield><datafield ind1=" " ind2=" " tag="260"><subfield code="a">Paris</subfield><subfield code="b">Dunod</subfield><subfield code="c">1959</subfield></datafield><datafield ind1=" " ind2=" " tag="300"><subfield code="a">342P</subfield></datafield><datafield ind1=" " ind2=" " tag="490"><subfield code="a">Les Houches</subfield></datafield><datafield ind1=" " ind2=" " tag="852"><subfield code="a">14526</subfield><subfield code="c">539.141</subfield></datafield><datafield ind1=" " ind2=" " tag="CAT"><subfield code="a">Sys</subfield><subfield code="c">20120417</subfield><subfield code="h">123352</subfield></datafield></record></collection>